@article{Trott2010,
    author = {Trott, Oleg and Olson, Arthur J.},
    title = {AutoDock Vina: improving the speed and accuracy of docking with a new scoring function, efficient optimization, and multithreading},
    journal = {Journal of Computational Chemistry},
    year = {2010},
    volume = {31},
    pages = {455-461}
}

@article{Zhou2008,
    author = {Zhou, Min and Zimmerman, Jonathan A. and Reedy, Earl D. and Moody, Neville R.},
    title = {Molecular dynamics simulation based continuum interpretation of virial stress},
    journal = {International Journal of Solids and Structures},
    year = {2008},
    volume = {45},
    pages = {6055-6068}
}

@article{Admal2010,
    author = {Admal, Nikhil Chandra and Tadmor, E. B.},
    title = {A unified interpretation of stress in molecular systems},
    journal = {Journal of Elasticity},
    year = {2010},
    volume = {100},
    pages = {63-143}
}

@article{Harvey2020,
    author = {Harvey, Michael J. and Giupponi, Giovanni and Fabritiis, Gianni De},
    title = {High-throughput molecular dynamics: the powerful new tool for drug discovery},
    journal = {ACS Applied Bio Materials},
    year = {2020},
    volume = {3},
    pages = {3445-3452}
}

@article{Wang2025,
    author = {Wang, Yan et al.},
    title = {Leveraging high-throughput molecular simulations and machine learning},
    journal = {npj Computational Materials},
    year = {2025},
    volume = {11},
    pages = {25}
}

@article{Jumper2021,
    author = {Jumper, John and Evans, Richard and Pritzel, Alexander et al.},
    title = {Highly accurate protein structure prediction with AlphaFold},
    journal = {Nature},
    year = {2021},
    volume = {596},
    pages = {583-589}
}

@article{Callaway2022,
    author = {Callaway, Ewen},
    title = {What's next for AlphaFold and the AI protein-folding revolution},
    journal = {Nature},
    year = {2022},
    volume = {604},
    pages = {234-238}
}

@article{Shaw2010,
    author = {Shaw, David E. and Maragakis, Paul and Lindorff-Larsen, Kresten and Piana, Stefano and Dror, Ron O. and Eastwood, Michael P. and Bank, Joseph A. and Jumper, John M. and Salmon, John K. and Shan, Yibing and Wriggers, Willy},
    title = {Atomic-level characterization of the structural dynamics of proteins},
    journal = {Science},
    year = {2010},
    volume = {330},
    pages = {341-346}
}

@article{Hollingsworth2018,
    author = {Hollingsworth, Scott A. and Dror, Ron O.},
    title = {Molecular dynamics simulation for all},
    journal = {Neuron},
    year = {2018},
    volume = {99},
    pages = {1129-1143}
}

@article{Freddolino2010,
    author = {Freddolino, Peter L. and Harrison, Christopher B. and Liu, Yanxin and Schulten, Klaus},
    title = {Challenges in protein-folding simulations},
    journal = {Nature Physics},
    year = {2010},
    volume = {6},
    pages = {751-758}
}

@article{Bowman2012,
    author = {Bowman, Gregory R. and Voelz, Vincent A. and Pande, Vijay S.},
    title = {Taming the complexity of protein folding},
    journal = {Current Opinion in Structural Biology},
    year = {2012},
    volume = {21},
    pages = {4-11}
}

@article{Husic2018,
    author = {Husic, Brooke E. and Pande, Vijay S.},
    title = {Markov state models: From an art to a science},
    journal = {Journal of the American Chemical Society},
    year = {2018},
    volume = {140},
    pages = {2386-2396}
}

@article{Vajda2018,
    author = {Vajda, Sandor and Beglov, Dmitri and Wakefield, Amanda E. and Egbert, Megan and Whitty, Adrian},
    title = {Cryptic binding sites on proteins: definition, detection, and druggability},
    journal = {Current Opinion in Chemical Biology},
    year = {2018},
    volume = {44},
    pages = {1-8}
}

@article{Cimermancic2016,
    author = {Cimermančič, Peter and Weinkam, Patrick and Rettenmaier, T. Justin and Bichmann, Leon and Keedy, Daniel A. and Woldeyes, Rahel A. and Schneidman-Duhovny, Dina and Demerdash, Omar N. and Mitchell, Julie C. and Wells, James A. and Fraser, James S. and Sali, Andrej},
    title = {CryptoSite: Expanding the druggable proteome by characterization and prediction of cryptic binding sites},
    journal = {Journal of Molecular Biology},
    year = {2016},
    volume = {428},
    pages = {709-719}
}

@article{Nussinov2019,
    author = {Nussinov, Ruth and Tsai, Chung-Jung and Liu, Jian},
    title = {Principles of allosteric interactions in cell signaling},
    journal = {Journal of the American Chemical Society},
    year = {2019},
    volume = {136},
    pages = {17692-17701}
}

@article{Wodak2019,
    author = {Wodak, Shoshana J. and Paci, Emanuele and Dokholyan, Nikolay V. and Berezovsky, Igor N. and Horovitz, Amnon and Li, Jing and Hilser, Vincent J. and Bahar, Ivet and Karanicolas, John and Stock, Gerhard and Hamm, Peter and Stote, Roland H. and Eberhardt, Jerome and Chebaro, Yassmine and Dejaegere, Annick and Cecchini, Marco and Changeux, Jean-Pierre and Bolhuis, Peter G. and Vreede, Jocelyne and Faccioli, Pietro and Orioli, Simone and Ravasio, Riccardo and Yan, Le and Brito, Carolina and Wyart, Matthieu and Gkeka, Paraskevi and Rivalta, Ivan and Palermo, Giulia and McCammon, J. Andrew and Panecka-Hofman, Joanna and Wade, Rebecca C. and Di Pizio, Antonella and Niv, Masha Y. and Nussinov, Ruth and Tsai, Chung-Jung and Jang, Hyunbum and Padhorny, Dzmitry and Kozakov, Dima and McLeish, Tom},
    title = {Allostery in its many disguises: From theory to applications},
    journal = {Structure},
    year = {2019},
    volume = {27},
    pages = {566-578}
}

@article{Lane2013,
    author = {Lane, Thomas J. and Shukla, Diwakar and Beauchamp, Kyle A. and Pande, Vijay S.},
    title = {To milliseconds and beyond: challenges in the simulation of protein folding},
    journal = {Current Opinion in Structural Biology},
    year = {2013},
    volume = {23},
    pages = {58-65}
}

@article{Ingram2019,
    author = {Ingram, Susan W. M. and Taghavi, Ali and Martinez-Monge, Antonio and Barretta, Lorenza and Sahni, Hardik and Dennis, Ava T. and Huang, Kezhen and Ferre, Fabio and Taudte, Roman and Levy, Yaakov and Klotman, Mary E. and Parmar, Kalpit and Sinha, Sangita},
    title = {Inhibition of GPX4 by the ferroptosis inducer RSL3 requires the adaptor protein 14-3-3ε},
    journal = {FEBS Open Bio},
    year = {2019},
    volume = {9},
    pages = {128-134}
}

@article{Pak2023,
    author = {Pak, Marina A. and Markhieva, Karina A. and Novikova, Mariia S. and Petrov, Dmitry S. and Vorobyev, Ilya S. and Maksimova, Ekaterina S. and Kondrashov, Fyodor A. and Ivankov, Dmitry N.},
    title = {Using AlphaFold to predict the impact of single mutations on protein stability and function},
    journal = {PLOS ONE},
    year = {2023},
    volume = {18},
    pages = {e0282689}
}

@article{Kurniawan2022,
    author = {Kurniawan, Ismail and Ishida, Takashi},
    title = {Molecular dynamics-based model quality assessment of AlphaFold predictions},
    journal = {Journal of Biomolecular Structure and Dynamics},
    year = {2022},
    volume = {41},
    pages = {5896-5907}
}

@article{Casadevall2023,
    author = {Casadevall, Guillem and Duran, Cristina and Estévez-Gay, Miquel and Osuna, Sílvia},
    title = {Estimating conformational heterogeneity of tryptophan synthase with a template-based AlphaFold2 approach},
    journal = {Protein Science},
    year = {2023},
    volume = {32},
    pages = {e4543}
}

@article{Porter2022,
    author = {Porter, Jessica A. and Mravic, Marco and Vostal, Brian and Cruz, Christian Oluwaseun and Huey, Nathaniel L. and Chowdhury, Ahmad S. and Tajkhorshid, Emad and Berger, James M. and Sgourakis, Nikolaos G.},
    title = {AlphaFold Models of Small Proteins Rival the Accuracy of Solution NMR Structures},
    journal = {bioRxiv},
    year = {2022},
    doi = {10.1101/2022.09.04.506523},
    note = {Preprint, accessed 15 June 2025}
}

@article{Buel2023,
    author = {Buel, Gregory R. and Walters, Kylie J.},
    title = {Can AlphaFold2 predict the impact of missense mutations on structure?},
    journal = {Nature Structural & Molecular Biology},
    year = {2023},
    volume = {29},
    pages = {1-2}
}

@article{Alderson2023,
    author = {Alderson, T. Reid and Pritišanac, Iva and Kolarić, Đesika and Moses, Alan M. and Forman-Kay, Julie D.},
    title = {Systematic identification of conditionally folded intrinsically disordered regions by AlphaFold2},
    journal = {Proceedings of the National Academy of Sciences},
    year = {2023},
    volume = {120},
    pages = {e2304302120}
}

@article{Meller2023,
    author = {Meller, Artur and Ward, Michael and Borowsky, Jonathan and Lotthammer, Jeffrey M. and Kshirsagar, Meghana and Oviedo, Felipe and Ferres, Juan M. Lavista and Bowman, Gregory R.},
    title = {Predicting cryptic pocket opening from AlphaFold2 structures using slow feature analysis},
    journal = {bioRxiv},
    year = {2023},
    doi = {10.1101/2023.08.03.551828},
    note = {Preprint, accessed 15 June 2025}
}

@article{Wayment2022,
    author = {Wayment-Steele, Hannah K. and Ojoawo, Adedolapo and Otten, Renee and Apitz, Julia M. and Pitsawong, Warintra and Hömberger, Marc and Ovchinnikov, Sergey and Colwell, Lucy and Kern, Dorothee},
    title = {Predicting multiple conformations via sequence clustering and AlphaFold2},
    journal = {Nature},
    year = {2022},
    volume = {625},
    pages = {832-839}
}

@article{Saldano2022,
    author = {Saldaño, Tadeo and Escobedo, Nahuel and Marchetti, Julia and Zea, Diego J. and Mac Donagh, Juan and Velez Rueda, Ana Julia and Gonik, Emilio and García Melani, Agustina and Novomisky Nechcoff, Julieta and Salas, Martín Nicolás and Peters, Tomás and Demitroff, Nicolás and Fernandez Alberti, Sebastian and Palopoli, Nicolas and Fornasari, María Silvina and Parisi, Gustavo},
    title = {Impact of protein conformational diversity on AlphaFold predictions},
    journal = {Bioinformatics},
    year = {2022},
    volume = {38},
    pages = {2742-2748}
}

@article{Olson1998,
    author = {Olson, Wilma K. and Gorin, Andrey A. and Lu, Xiang-Jun and Hock, Lynette M. and Zhurkin, Victor B.},
    title = {DNA sequence-dependent deformability deduced from protein–DNA crystal complexes},
    journal = {Proceedings of the National Academy of Sciences},
    year = {1998},
    volume = {95},
    pages = {11163-11168}
}

@article{Alford2017,
    author = {Alford, Rebecca F. and Leaver-Fay, Andrew and Jeliazkov, Jeliazko R. and O'Meara, Matthew J. and DiMaio, Frank P. and Park, Hahnbeom and Shapovalov, Maxim V. and Renfrew, P. Douglas and Mulligan, Vikram K. and Kappel, Kalli and Labonte, Jason W. and Pacella, Michael S. and Bonneau, Richard and Bradley, Philip and Dunbrack Jr., Roland L. and Das, Rhiju and Baker, David and Kuhlman, Brian and Kortemme, Tanja and Gray, Jeffrey J.},
    title = {The Rosetta All-Atom Energy Function for Macromolecular Modeling and Design},
    journal = {Journal of Chemical Theory and Computation},
    year = {2017},
    volume = {13},
    pages = {3031-3048}
}

@article{Atilgan2010,
    author = {Atilgan, Canan and Atilgan, Ali Rana},
    title = {Perturbation-response scanning reveals ligand entry-exit mechanisms of ferric binding protein},
    journal = {PLoS Computational Biology},
    year = {2009},
    volume = {5},
    pages = {e1000544}
}

@article{Kozakov2015,
    author = {Kozakov, Dima and Grove, Laurie E. and Hall, David R. and Bohnuud, Tanggis and Mottarella, Scott E. and Luo, Lingqi and Xia, Bing and Beglov, Dmitri and Vajda, Sandor},
    title = {The FTMap family of web servers for determining and characterizing ligand-binding hot spots of proteins},
    journal = {Nature Protocols},
    year = {2015},
    volume = {10},
    pages = {733-755}
}

@article{Patriksson2008,
    author = {Patriksson, Alexandra and van der Spoel, David},
    title = {A temperature predictor for parallel tempering simulations},
    journal = {Physical Chemistry Chemical Physics},
    year = {2008},
    volume = {10},
    pages = {2073-2077}
}

@article{Laio2008,
    author = {Laio, Alessandro and Gervasio, Francesco L.},
    title = {Metadynamics: a method to simulate rare events and reconstruct the free energy in biophysics, chemistry and material science},
    journal = {Reports on Progress in Physics},
    year = {2008},
    volume = {71},
    pages = {126601}
}

@article{Limongelli2013,
    author = {Limongelli, Vittorio and Bonomi, Massimiliano and Parrinello, Michele},
    title = {Funnel metadynamics as accurate binding free-energy method},
    journal = {Proceedings of the National Academy of Sciences},
    year = {2013},
    volume = {110},
    pages = {6358-6363}
}

@inproceedings{Niessner2013,
    author = {Nie{\ss}ner, Matthias and Zollh{\"o}fer, Michael and Izadi, Shahram and Stamminger, Marc},
    title = {Real-time 3D reconstruction at scale using voxel hashing},
    booktitle = {ACM Transactions on Graphics (TOG)},
    year = {2013},
    volume = {32},
    number = {6},
    pages = {1-11}
}

@article{Liu2022,
  author = {Liu, Hengrui and Forcina, Giovanni C. and Denton, Jenna K. and Mordec, Keren and Eaton, Jacob K. and H{\"a}mmerling, Guido and Viswanathan, Vasanthi S. and Stockwell, Brent R.},
  title = {Small-molecule allosteric inhibitors of GPX4},
  journal = {Cell Chemical Biology},
  volume = {29},
  number = {12},
  pages = {1680--1693},
  year = {2022},
  publisher = {Elsevier},
  doi = {10.1016/j.chembiol.2022.09.005},
  url = {https://www.cell.com/cell-chemical-biology/fulltext/S2451-9456(22)00387-7}
}

}


@patent{StockwellPatent2022,
  author = {Stockwell, Brent R. and Liu, Hengrui and Forouhar, Farhad and Wang, Qian},
  title = {GPX4 compounds and compositions and methods of treatment using same},
  assignee = {Columbia University in the City of New York},
  number = {US 17/931,341},
  date = {2023-06-01},
  year = {2023},
  nationality = {US},
  type = {patent application}
}

@article{Varadi2024,
    author = {Varadi, Mihaly and Anyango, Stephen and Armstrong, David R. and Berrisford, John M. and Choudhary, Sunil and Dana, Jose M. and Deshpande, Mandar and Erdős, Gábor and Green, Tim and Lagerstedt, Ingvar and Mir, Saqib and Mukhopadhyay, Anjali and Paysan-Lafosse, Typhaine and Pritzel, Alexander and Salih, Osman and Schmitt, Bernd and Waterhouse, Andrew M. and Jumper, John and Evans, Richard and Pereira, Jose and Thornton, Janet M. and Finn, Robert D. and Bateman, Alex and Velankar, Sameer},
    title = {AlphaFold Protein Structure Database in 2024: providing structure coverage for over 214 million protein sequences},
    journal = {Nucleic Acids Research},
    year = {2024},
    volume = {52},
    number = {D1},
    pages = {D368--D375},
    doi = {10.1093/nar/gkad1066}
}

@article{Dixon2012,
  author = {Dixon, Scott J. and Lemberg, Kathryn M. and Lamprecht, Michael R. and Skouta, Rachid and Zaitsev, Eleina M. and Gleason, Caroline E. and Patel, Darpan N. and Bauer, Andras J. and Cantley, Alexandra M. and Yang, Wan Seok and Morrison, Barclay, III and Stockwell, Brent R.},
  title = {Ferroptosis: An Iron-Dependent Form of Nonapoptotic Cell Death},
  journal = {Cell},
  volume = {149},
  number = {5},
  pages = {1060--1072},
  year = {2012},
  doi = {10.1016/j.cell.2012.03.042}
}

@article{liu2022characterization,
  author = {Liu, Hengrui and Forouhar, Farhad and Seibt, Tobias and Saneto, Russell and Wigby, Kristen and Friedman, Jennifer and Xia, Xin and Shchepinov, Mikhail S. and Ramesh, Srikanth K. and Conrad, Marcus and Stockwell, Brent R.},
  title = {Characterization of a patient-derived variant of GPX4 for precision therapy},
  journal = {Nature Chemical Biology},
  volume = {18},
  number = {1},
  pages = {91--100},
  year = {2022},
  month = {Jan},
  doi = {10.1038/s41589-021-00915-2}
}

@misc{openbabel,
  title={Open Babel: An open chemical toolbox},
  author={O'Boyle, Noel M. and Banck, Michael and James, Craig A. and Morley, Chris and Vandermeersch, Tim and Hutchison, Geoffrey R.},
  journal={Journal of Cheminformatics},
  volume={3},
  pages={33},
  year={2011},
  doi={10.1186/1758-2946-3-33}
}

@misc{cactus,
  author={{National Cancer Institute}},
  title={{NCI/CADD Chemical Identifier Resolver}},
  howpublished={\url{https://cactus.nci.nih.gov/chemical/structure}},
  note={Accessed: June 2025}
}

@article{Alford2017,
  author = {Alford, Rebecca F. and Leaver-Fay, Andrew and Jeliazkov, Jeliazko R. and O'Meara, Matthew J. and DiMaio, Frank P. and Park, Hahnbeom and Shapovalov, Maxim V. and Renfrew, P. Douglas and Mulligan, Vikram K. and Kappel, Kalli and Labonte, Jason W. and Pacella, Michael S. and Bonneau, Richard and Bradley, Philip and Dunbrack, Roland L. and Das, Rhiju and Baker, David and Kuhlman, Brian and Kortemme, Tanja and Gray, Jeffrey J.},
  title = {The Rosetta All-Atom Energy Function for Macromolecular Modeling and Design},
  journal = {Journal of Chemical Theory and Computation},
  volume = {13},
  number = {6},
  pages = {3031--3048},
  year = {2017},
  doi = {10.1021/acs.jctc.7b00125}
}
